@online{StattN2017,
    author={Statt, Nick},
    title={Apple shows off breathtaking new augmented reality demos on iPhone 8},
    type={The Verge, Article},
    year=2017,
    month={Septembre},
    day=12,
    url={https://www.theverge.com/2017/9/12/16272904/apple-arkit-demo-iphone-augmented-reality-iphone-8}
}

@online{molitchHou01,
    author={Molitch-Hou, Michael},
    title={Occipital Unveils New 3d Sensor \& Mixed Reality Engine at CES},
    type={3D Printing Industry, Article},
    year=2016,
    month={Janvier},
    day=06,
    url={https://3dprintingindustry.com/news/64337-64337/}
}
